@book{hillier,
  title={Introdu\c{c}\~ao \`a Pesquisa Operacional},
  author={Frederick S. Hillier and Gerald J. Lieberman},
  year={2006},
  publisher={McGraw-Hill},
  edition={8},
  address={S\~ao Paulo}
}

@book{taha,
  title={Pesquisa Operacional},
  author={Hamdy A. Taha},
  year={2008},
  publisher={Prentice Hall},
  edition={8},
  address={S\~ao Paulo}
}

@book{tex,
  title={The TeXbook},
  author={Donald E. Knuth},
  year={1984},
  publisher={Addison-Wesley Professional},
  edition={1},
  address={Boston}
}

@book{livrojavascript1,
  title={JavaScript - The Definitive Guide},
  author={David Flanagan},
  year={2011},
  publisher={O'Reilly},
  edition={6},
  address={Sebastopol}
}

@book{livrojavascript2,
  title={JavaScript - The Good Parts},
  author={Douglas Crockford},
  year={2008},
  publisher={O'Reilly},
  edition={1},
  address={Sebastopol}
}

@book{livroweb1,
  title={Pro HTML5 programming},
  author={Lubbers, Peter and Albers, Brian and Salim, Frank and Pye, Tony},
  year={2011},
  publisher={Springer}
}

@book{livroweb2,
  title={The book of CSS3},
  author={Gasston, Peter},
  year={2011},
  publisher={No Starch Press}
}

@misc{gurobi,
 author = {{GUROBI OPTIMIZATION INC.}},
 title = {Gurobi Optimizer Reference Manual},
 year = {2012},
 publisher = {{Gurobi Optimization Inc.}},
}

@misc{lindo,
 author = {Linus Schrage},
 title = {Optimization Modeling with LINGO},
 year = {2012},
 publisher={{Lindo Systems Inc.}},
}

@misc{glpk,
 author = {{GNU PROJECT}},
 title = {GNU Linear Programming Kit Reference Manual},
 year = {2010},
 publisher = {{GNU Project }},
}

@misc{mathprog,
 author = {{GNU PROJECT}},
 title = {Modeling Language GNU MathProg Language Reference},
 year = {2010},
 publisher = {{GNU Project }},
}

@misc{lpsolve,
 author = {Peter Notebaert and Kjell Eikland},
 title = {lp\_solve Reference Guide},
 year = {2004},
 url = {http://web.mit.edu/lpsolve/doc/}
}

@misc{jquery,
 author = {{THE JQUERY FOUNDATION}},
 title = {jQuery API Documentation},
 year = {2012},
 url = {http://api.jquery.com/}
}

@misc{mathjax,
 author = {Davide Cervone and Christian Perfect and Peter Krautzberger },
 title = {MathJax Documentation},
 year = {2015},
 url = {http://docs.mathjax.org/en/latest/}
}

@misc{vis,
 author = {Davide Cervone and Christian Perfect and Peter Krautzberger },
 title = {vis.js Network Documentation},
 year = {2015},
 url = {http://docs.mathjax.org/en/latest/}
}

@misc{bootstrap,
 author = {{TWITTER INC.}},
 title = {Bootstrap 3.3.6 Documentation},
 year = {2015},
 url = {https://bootstrapdocs.com/v3.3.6/docs}
}