@article{miranda2007uso,
  title={O uso da programa{\c{c}}{\~a}o linear num contexto de latic{\'\i}nios com v{\'a}rias restri{\c{c}}{\~o}es na capacidade produtiva},
  author={Miranda, G. J and Martins, V. F. and Faria, A. F.},
  journal={Custos e @groneg{\'o}cios online},
  volume={3},
  pages={40--58},
  month={maio},
  year={2007},
  issn={1808--2882},
}

@article{junior2005,
  title={Um sistema de apoio {\`a} decis{\~a}o baseado em planilha eletr{\^o}nica para o planejamento da produ{\c{c}}{\~a}o na ind{\'u}stria de laticínios},
  author={J{\'u}nior, J. F. A. and Silva, C. A. B.},
  journal={Revista Brasileira de Agroinform{\'a}tica},
  volume={7},
  number={2},
  pages={17--31},
  year={2005}
}

@article{trindade2008,
	author = {Trindade, A. M. S. and Silva, R. W. S. M.},
	title = {Sistema de Cria{\c{c}}{\~a}o de Bovinos de Leite para a Regi{\~a}o Sudoeste do Rio Grande do Sul},
	journal={Sistemas de Produ{\c{c}}{\~a}o},
	number={3},
	issn={1679--3641},
	publisher = {Embrapa Pecu{\'a}ria Sul},
	year = {2008},
}

@thesis{faoro2009,
	author = {Faoro, D},
	title = {Modelo de programa{\c{c}}{\~a}o multiobjetivo de um sistema de produ{\c{c}}{\~a}o leiteira -- Considerando objetivos de sustentabilidade},
	type = {Disserta{\c{c}}{\~a}o de mestrado},
	school = {Programa de P{\'o}s-Gradua{\c{c}}{\~a}o em Modelagem Matem{\'a}tica. Universidade Regional do Noroeste do Estado do Rio Grande do Sul},
	year = {2009},
	location = {Ijuí},
	url = {http://bibliodigital.unijui.edu.br:8080/xmlui/handle/123456789/215},
}

@article{oliszeski2009,
  title={Desafios da inser{\c{c}}{\~a}o da pesquisa operacional em agroind{\'u}strias de pequeno porte},
  author={Oliszeski, C. A. N. and Colmenero, J. C. and Kovaleski, J. L.},
  journal={Revista ADMpg Gest{\~a}o Estratégica},
  volume={2},
  number={2},
  pages={113--118},
  year={2009}
}

@article{gameiro2011,
  title={Modelo matem{\'a}t{\'a}tico para otimiza{\c{c}}{\~a}o e avalia{\c{c}}{\~a}o de unidade produtora de leite caracterizada pela integra{\c{c}}{\~a}o lavoura-pecu{\'a}ria: considera{\c{c}}{\~a}o de par{\^a}metros econ{\^o}micos, log{\'\i}sticos e ambientais},
  author={Gameiro, A. H. and Rocco, C. D. and Caixeita-Filho, J. V.},
  journal={Anais do XLIX Congresso da Sociedade Brasileira de Economia, Administra{\c{c}}{\~a}o e Sociologia do Campo (SOBER)},
  location={Belo Horizonte},
  pages={1--16},
  year={2011},
}

@thesis{kawano2012otimizaccao,
	author = {Kawano, Bruno Rogora},
	title = {Otimiza{\c{c}}{\~a}o na ind{\'u}stria de laticínios: oportunidades de eficiência energética e econ{\^o}mica},
	type = {Disserta{\c{c}}{\~a}o de mestrado},
	school = {Faculdade de Engenharia Mecânica. Universidade Estadual de Campinas},
	year = {2012},
	location = {Campinas},
	url = {http://www.bibliotecadigital.unicamp.br/document/?code=000905536},
}

@thesis{meneghini2013,
	author = {Meneghini, R. C. M.},
	title = {Ferramenta para maximiza{\c{c}}{\~a}o do lucro de laticínios pelo planejamento do mix {\'o}timo de produtos l{\'a}cteos e precifica{\c{c}}{\~a}o dos componentes do leite cru},
	type = {Tese de doutorado},
	school = {Escola Superior de Agricultura ``Luiz de Queiroz''. Universidade de S{\~a}o Paulo},
	year = {2013},
	location = {Piracicaba},
	url = {http://www.esalq.usp.br/pg/teses/3749797.pdf},
}

@book{steuer1986multiple,
  title={Multiple criteria optimization: Theory, computation, and application},
  author={Steuer, Ralph E},
  year={1986},
  publisher={Wiley \& Sons}
}

@book{deb2001multi,
  title = {Multi-Objective Optimization Using Evolutionary Algorithms},
  author = {Deb, Kalyanmoy},
  year = {2001},
  edition = {1},
  publisher = {Wiley}
}

@book{cormen2001introduction,
  title={Introduction to algorithms},
  author={Cormen, Thomas H and Leiserson, Charles E and Rivest, Ronald L and Stein, Clifford},
  year={2001},
  publisher={MIT press}
}

@book{doucet2001introduction,
  title={An introduction to sequential Monte Carlo methods},
  author={Doucet, Arnaud and De Freitas, Nando and Gordon, Neil},
  edition={1},
  year={2001},
  publisher={Springer}
}

@article{takahashi2007otimizacao,
author = {Takahashi, R. H. C.},
title = {Otimiza{\c{c}}{\~a}o Escalar e Vetorial},
journal = {Notas de Aula},
year = {2007},
url = {http://www.mat.ufmg.br/~taka/Download/OTEV-Vol3.pdf},
}

@misc{gurobi,
 author = {{Gurobi, Optimization Inc.}},
 title = {``Gurobi Optimizer Reference Manual''},
 year = {2012},
 url = {http://www.gurobi.com}
}

@article{coleman1996reflective,
  title={A reflective Newton method for minimizing a quadratic function subject to bounds on some of the variables},
  author={Coleman, Thomas F and Li, Yuying},
  journal={SIAM Journal on Optimization},
  volume={6},
  number={4},
  pages={1040--1058},
  year={1996},
  publisher={SIAM}
}
